<?xml version="1.0" encoding="UTF-8"?><collection xmlns="http://www.loc.gov/MARC21/slim"><record><leader>00375nam--2200121-i-4500</leader><controlfield tag="001">000004675</controlfield><controlfield tag="002">20161230</controlfield><controlfield tag="005">20161230201026</controlfield><controlfield tag="008">060222s1000------------r-----000-0-eng-d</controlfield><datafield ind1=" " ind2=" " tag="100"><subfield code="a">Bernthal, I.Dr., Czopp, H.Dr., Marinchescu, C</subfield></datafield><datafield ind1=" " ind2=" " tag="245"><subfield code="a">Lucrari practice si metode experimentale de fi ziopatologie</subfield></datafield><datafield ind1=" " ind2=" " tag="260"><subfield code="a">Bucuresti, Editura Medicala, 1958 312 P. + 162 Fig</subfield></datafield><datafield ind1=" " ind2=" " tag="852"><subfield code="a">6332</subfield></datafield></record></collection>